@inproceedings{smets08automaticvandalism,
	author = {Koen Smets and Bart Goethals and Brigitte Verdonk}
,	title = {Automatic vandalism detection in Wikipedia: Towards a machine learning approach}
,	booktitle = {In WikiAI ’08: Proceedings of the AAAI Workshop on Wikipedia and Artificial Intelligence}
,	year = {2008}
}
@inproceedings{viegas2004studying,
	title={Studying cooperation and conflict between authors with history flow visualizations}
,	author={Vi{\'e}gas, Fernanda B and Wattenberg, Martin and Dave, Kushal}
,	booktitle={Proceedings of the SIGCHI conference on Human factors in computing systems}
,	pages={575--582}
,	year={2004}
,	organization={ACM}
}
@inproceedings{rzeszotarski2012learning,
	title={Learning from history: predicting reverted work at the word level in wikipedia}
,	author={Rzeszotarski, Jeffrey and Kittur, Aniket}
,	booktitle={Proceedings of the ACM 2012 conference on Computer Supported Cooperative Work}
,	pages={437--440}
,	year={2012}
,	organization={ACM}
}
@article{adler2010detecting,
	title={Detecting wikipedia vandalism using wikitrust}
,	author={Adler, B and de Alfaro, Luca and Pye, Ian}
,	journal={Notebook papers of CLEF}
,	volume={1}
,	pages={22--23}
,	year={2010}
}
@incollection{adler2011wikipedia,
	title={Wikipedia vandalism detection: Combining natural language, metadata, and reputation features}
,	author={Adler, B Thomas and De Alfaro, Luca and Mola-Velasco, Santiago M and Rosso, Paolo and West, Andrew G}
,	booktitle={Computational linguistics and intelligent text processing}
,	pages={277--288}
,	year={2011}
,	publisher={Springer}
}
@MastersThesis{gotze2014advanced,
	author={Paul Christoph Gotze}
,	title={Advanced Vandalism Detection on Wikipedia}
,	school={Bauhaus-Universitat Weimar}
,	address={Geschwister-Scholl-Straße 8, 99423 Weimar, Germany}
,	month=9
,	year={2014}
}
@article{chawla2004editorial,
	title={Editorial: special issue on learning from imbalanced data sets}
,	author={Chawla, Nitesh V and Japkowicz, Nathalie and Kotcz, Aleksander}
,	journal={ACM Sigkdd Explorations Newsletter}
,	volume={6}
,	number={1}
,	pages={1--6}
,	year={2004}
,	publisher={ACM}
}
@article{ganganwar2012overview,
	title={An overview of classification algorithms for imbalanced datasets}
,	author={Ganganwar, Vaishali}
,	journal={International Journal of Emerging Technology and Advanced Engineering}
,	volume={2}
,	number={4}
,	pages={42--47}
,	year={2012}
,	publisher={Citeseer}
}
@article{chawla2002smote,
	title={SMOTE: synthetic minority over-sampling technique}
,	author={Chawla, Nitesh V. and Bowyer, Kevin W. and Hall, Lawrence O. and Kegelmeyer, W. Philip}
,	journal={Journal of artificial intelligence research}
,	pages={321--357}
,	year={2002}
}
@incollection{han2005borderline,
	title={Borderline-SMOTE: a new over-sampling method in imbalanced data sets learning}
,	author={Han, Hui and Wang, Wen-Yuan and Mao, Bing-Huan}
,	booktitle={Advances in intelligent computing}
,	pages={878--887}
,	year={2005}
,	publisher={Springer}
}
@article{estabrooks2004multiple,
	title={A multiple resampling method for learning from imbalanced data sets}
,	author={Estabrooks, Andrew and Jo, Taeho and Japkowicz, Nathalie}
,	journal={Computational Intelligence}
,	volume={20}
,	number={1}
,	pages={18--36}
,	year={2004}
}
@article{jo2004class,
	title={Class imbalances versus small disjuncts}
,	author={Jo, Taeho and Japkowicz, Nathalie}
,	journal={ACM SIGKDD Explorations Newsletter}
,	volume={6}
,	number={1}
,	pages={40--49}
,	year={2004}
,	publisher={ACM}
}
@article{guo2004learning,
	title={Learning from imbalanced data sets with boosting and data generation: the DataBoost-IM approach}
,	author={Guo, Hongyu and Viktor, Herna L}
,	journal={ACM \hfill\break SIGKDD Explorations Newsletter}
,	volume={6}
,	number={1}
,	pages={30--39}
,	year={2004}
,	publisher={ACM}
}
@inproceedings{kubat1997addressing,
	title={Addressing the curse of imbalanced training sets: one-sided selection}
,	author={Kubat, Miroslav and Matwin, Stan and others}
,	booktitle={ICML}
,	volume={97}
,	pages={179--186}
,	year={1997}
,	organization={Nashville, USA}
}
@article{he2009learning,
	title={Learning from imbalanced data}
,	author={He, Haibo and Garcia, Edwardo and others}
,	journal={Knowledge and Data Engineering, IEEE Transactions on}
,	volume={21}
,	number={9}
,	pages={1263--1284}
,	year={2009}
,	publisher={IEEE}
}
@inproceedings{ling2004decision,
	title={Decision trees with minimal costs}
,	author={Ling, Charles X and Yang, Qiang and Wang, Jianning and Zhang, Shichao}
,	booktitle={Proceedings of the twenty-first international conference on Machine learning}
,	pages={69}
,	year={2004}
,	organization={ACM}
}
@inproceedings{liu2010robust,
	title={A Robust Decision Tree Algorithm for Imbalanced Data Sets.}
,	author={Liu, Wei and Chawla, Sanjay and Cieslak, David A and Chawla, Nitesh V}
,	booktitle={SDM}
,	volume={10}
,	pages={766--777}
,	year={2010}
,	organization={SIAM}
}
@article{cieslak2012hellinger,
	title={Hellinger distance decision trees are robust and skew-insensitive}
,	author={Cieslak, David A and Hoens, T Ryan and Chawla, Nitesh V and Kegelmeyer, W Philip}
,	journal={Data Mining and Knowledge Discovery}
,	volume={24}
,	number={1}
,	pages={136--158}
,	year={2012}
,	publisher={Springer}
}
@article{maheshwari2011new,
	title={New approach for Classification of Highly Imbalanced Datasets using Evolutionary Algorithms}
,	author={Maheshwari, Satyam and Agrawal, Jitendar and Sharma, Sanjeev}
,	journal={International Journal of Scientific \& Engineering Research}
,	volume={2}
,	number={7}
,	pages={1--5}
,	year={2011}
,	publisher={Citeseer}
}
@inproceedings{vo2007classification,
	title={Classification of unbalanced medical data with weighted regularized least squares}
,	author={Vo, Nguyen Ha and Won, Yonggwan}
,	booktitle={Frontiers in the Convergence of Bioscience and Information Technologies, 2007. FBIT 2007}
,	pages={347--352}
,	year={2007}
,	organization={IEEE}
}
@inproceedings{song2009improved,
	title={An improved AdaBoost algorithm for unbalanced classification data}
,	author={Song, Jie and Lu, Xiaoling and Wu, Xizhi}
,	booktitle={Fuzzy Systems and Knowledge Discovery, 2009. FSKD'09. Sixth International Conference on}
,	volume={1}
,	pages={109--113}
,	year={2009}
,	organization={IEEE}
}
@incollection{hempstalk2008one,
	title={One-class classification by combining density and class probability estimation}
,	author={Hempstalk, Kathryn and Frank, Eibe and Witten, Ian H}
,	booktitle={Machine Learning and Knowledge Discovery in Databases}
,	pages={505--519}
,	year={2008}
,	publisher={Springer}
}
@inproceedings{scholkopf1999support,
	title={Support Vector Method for Novelty Detection.}
,	author={Sch{\"o}lkopf, Bernhard and Williamson, Robert C and Smola, Alex J and Shawe-Taylor, John and Platt, John C}
,	booktitle={NIPS}
,	volume={12}
,	pages={582--588}
,	year={1999}
}
@article{chang2011libsvm,
	title={LIBSVM: A library for support vector machines}
,	author={Chang, Chih-Chung and Lin, Chih-Jen}
,	journal={ACM Transactions on Intelligent Systems and Technology (TIST)}
,	volume={2}
,	number={3}
,	pages={27}
,	year={2011}
,	publisher={ACM}
}
@incollection{baumann2013cascaded,
	title={Cascaded Random Forest for Fast Object Detection}
,	author={Baumann, Florian and Ehlers, Arne and Vogt, Karsten and Rosenhahn, Bodo}
,	booktitle={Image Analysis}
,	pages={131--142}
,	year={2013}
,	publisher={Springer}
}
@book{laurikkala2001improving,
	title={Improving identification of difficult small classes by balancing class distribution}
,	author={Laurikkala, Jorma}
,	year={2001}
,	publisher={Springer}
}
@article{batista2004study,
	title={A study of the behavior of several methods for balancing machine learning training data}
,	author={Batista, Gustavo EAPA and Prati, Ronaldo C and Monard, Maria Carolina}
,	journal={ACM Sigkdd Explorations Newsletter}
,	volume={6}
,	number={1}
,	pages={20--29}
,	year={2004}
,	publisher={ACM}
}
@inproceedings{maciejewski2011local,
	title={Local neighbourhood extension of SMOTE for mining imbalanced data}
,	author={Maciejewski, Tomasz and Stefanowski, Jerzy}
,	booktitle={Computational Intelligence and Data Mining (CIDM), 2011 IEEE Symposium on}
,	pages={104--111}
,	year={2011}
,	organization={IEEE}
}
@incollection{tran2013cross,
	title={Cross language prediction of vandalism on Wikipedia using article views and revisions}
,	author={Tran, Khoi-Nguyen and Christen, Peter}
,	booktitle={Advances in Knowledge Discovery and Data Mining}
,	pages={268--279}
,	year={2013}
,	publisher={Springer}
}
@incollection{potthast2008automatic,
	title={Automatic vandalism detection in Wikipedia}
,	author={Potthast, Martin and Stein, Benno and Gerling, Robert}
,	booktitle={Advances in Information Retrieval}
,	pages={663--668}
,	year={2008}
,	publisher={Springer}
}
@article{mola2012wikipedia,
	title={Wikipedia Vandalism Detection Through Machine Learning: Feature Review and New Proposals: Lab Report for PAN at CLEF 2010}
,	author={Mola-Velasco, Santiago M}
,	journal={arXiv preprint arXiv:1210.5560}
,	year={2012}
}
@inproceedings{wang2010got,
	title={Got you!: automatic vandalism detection in Wikipedia with web-based shallow syntactic-semantic modeling}
,	author={Wang, William Yang and McKeown, Kathleen R}
,	booktitle={Proceedings of the 23rd International Conference on Computational Linguistics}
,	pages={1146--1154}
,	year={2010}
,	organization={Association for Computational Linguistics}
}
@article{west2011multilingual,
	title={Multilingual vandalism detection using language - independent \& ex post facto evidence}
,	author={West, Andrew G and Lee, Insup}
,	year={2011}
}
@inproceedings{harpalani2011language,
	title={Language of vandalism: Improving Wikipedia vandalism detection via stylometric analysis}
,	author={Harpalani, Manoj and Hart, Michael and Singh, Sandesh and Johnson, Rob and Choi, Yejin}
,	booktitle={Proceedings of the 49th Annual Meeting of the Association for Computational Linguistics: Human Language Technologies: short papers-Volume 2}
,	pages={83--88}
,	year={2011}
,	organization={Association for Computational Linguistics}
}
@inproceedings{itakura2009using,
	title={Using dynamic markov compression to detect vandalism in the wikipedia}
,	author={Itakura, Kelly Y and Clarke, Charles LA}
,	booktitle={Proceedings of the 32nd international ACM SIGIR conference on Research and development in information retrieval}
,	pages={822--823}
,	year={2009}
,	organization={ACM}
}
@inproceedings{javanmardi2011vandalism,
	title={Vandalism detection in Wikipedia: a high-performing, feature-rich model and its reduction through Lasso}
,	author={Javanmardi, Sara and McDonald, David W and Lopes, Cristina V}
,	booktitle={Proceedings of the 7th International Symposium on Wikis and Open Collaboration}
,	pages={82--90}
,	year={2011}
,	organization={ACM}
}
@incollection{bunkhumpornpat2009safe
,	title={Safe-level-smote: Safe-level-synthetic minority over-sampling technique for handling the class imbalanced problem}
,	author={Bunkhumpornpat, Chumphol and Sinapiromsaran, Krung and Lursinsap, Chidchanok}
,	booktitle={Advances in Knowledge Discovery and Data Mining}
,	pages={475--482}
,	year={2009}
,	publisher={Springer}
}
