@INPROCEEDINGS{Smets08automaticvandalism,
	author = {Koen Smets and Bart Goethals and Brigitte Verdonk},
	title = {Automatic vandalism detection in Wikipedia: Towards a machine learning approach},
	booktitle = {In WikiAI â€™08: Proceedings of the AAAI Workshop on Wikipedia and Artificial Intelligence},
	year = {2008}
}
@inproceedings{viegas2004studying,
	title={Studying cooperation and conflict between authors with history flow visualizations},
	author={Vi{\'e}gas, Fernanda B and Wattenberg, Martin and Dave, Kushal},
	booktitle={Proceedings of the SIGCHI conference on Human factors in computing systems},
	pages={575--582},
	year={2004},
	organization={ACM}
}
@inproceedings{rzeszotarski2012learning,
	title={Learning from history: predicting reverted work at the word level in wikipedia},
	author={Rzeszotarski, Jeffrey and Kittur, Aniket},
	booktitle={Proceedings of the ACM 2012 conference on Computer Supported Cooperative Work},
	pages={437--440},
	year={2012},
	organization={ACM}
}
@article{adler2010detecting,
	title={Detecting wikipedia vandalism using wikitrust},
	author={Adler, B and de Alfaro, Luca and Pye, Ian},
	journal={Notebook papers of CLEF},
	volume={1},
	pages={22--23},
	year={2010}
}